<?xml version="1.0" encoding="UTF-8"?><collection xmlns="http://www.loc.gov/MARC21/slim"><record><leader>00356nam--2200133-i-4500</leader><controlfield tag="001">000021373</controlfield><controlfield tag="002">20161230</controlfield><controlfield tag="005">20161230201034</controlfield><controlfield tag="008">060222s1000------------r-----000-0-eng-d</controlfield><datafield ind1=" " ind2=" " tag="080"><subfield code="a">338.063.5:336</subfield></datafield><datafield ind1=" " ind2=" " tag="100"><subfield code="a">Ionascu, Gh</subfield></datafield><datafield ind1=" " ind2=" " tag="245"><subfield code="a">Culegere de probleme privind finantarea investitiilor</subfield></datafield><datafield ind1=" " ind2=" " tag="260"><subfield code="a">Bucuresti,Editura Stiintifica, 1957. 380p</subfield></datafield><datafield ind1=" " ind2=" " tag="852"><subfield code="a">4526</subfield></datafield></record></collection>